@phdthesis{somma2018cuaterniones,
  title={Cuaterniones y {\'a}ngulos de Euler para describir rotaciones en},
  author={Somma, Francisco Javier},
  year={2018},
  school={UNIVERSIDAD ABIERTA INTERAMERICANA}
}
@phdthesis{gadea2015desarrollo,
  title={Desarrollo de una unidad de medida para {\'a}ngulos de Euler},
  author={GADEA PASTOR, JES{\'U}S},
  year={2015}
}