% Encoding: UTF-8

@Article{Hernando2017,
  author  = {Miguel Hernando},
  title   = {Cinematica Diferencial},
  journal = {Universidad Politecnica de Madird},
  year    = {2017},
}

@Article{Hernando2009,
  author  = {Miguel Hernando},
  title   = {Revicion del estado del arte de manipuladores paralelos},
  journal = {UNiverdidad Tecnologica de Pereira},
  year    = {2009},
}

@Comment{jabref-meta: databaseType:bibtex;}
